@book{polterovich,
  title     = {Topological Persistence in Geometry and Analysis},
  author    = {Leonid Polterovich and Daniel Rosen and Karina Samvelyan and Jun Zhang},
  year      = {2020},
  publisher = {American Mathematical Society}
}

@article{nanda,
  title     = {Computational Algebraic Topology, Lecture Notes},
  author    = {Vidit Nanda},
  year      = {2020},
  journal = {University of Oxford}
}

@article{wang,
  title     = {The basic theory of persistent homology},
  author    = {Kairui Glen Wang},
  year      = {2012},
  journal = {University of Chicago}
}